<?xml version="1.0" encoding="UTF-8"?><collection xmlns="http://www.loc.gov/MARC21/slim"><record><leader>00452nam--2200169-u-4500</leader><controlfield tag="001">000050566</controlfield><controlfield tag="002">20161230</controlfield><controlfield tag="005">20161230201048</controlfield><controlfield tag="008">070913s1000------------r-----000-0-eng-d</controlfield><datafield ind1=" " ind2=" " tag="040"><subfield code="a">IFIN - HH</subfield></datafield><datafield ind1=" " ind2=" " tag="041"><subfield code="a">rus</subfield></datafield><datafield ind1="1" ind2=" " tag="100"><subfield code="a">Aleksandrov,P.S.(red.)s.a</subfield></datafield><datafield ind1="1" ind2=" " tag="245"><subfield code="a">Trudy Mskoskogo Matematicheskogo Ovshchestva. Tom 36</subfield></datafield><datafield ind1=" " ind2=" " tag="260"><subfield code="a">Moskva</subfield><subfield code="b">Izdatelstvo Moskovskogo Universiteta</subfield><subfield code="c">1978</subfield></datafield><datafield ind1=" " ind2=" " tag="300"><subfield code="a">292 p</subfield></datafield><datafield ind1=" " ind2=" " tag="852"><subfield code="a">51</subfield></datafield><datafield ind1=" " ind2=" " tag="CAT"><subfield code="a">Sys</subfield><subfield code="c">20070913</subfield><subfield code="h">125144</subfield></datafield></record></collection>